<?xml version="1.0" encoding="UTF-8"?><record xmlns="http://www.loc.gov/MARC21/slim" xmlns:cinclude="http://apache.org/cocoon/include/1.0" xmlns:zs="http://www.loc.gov/zing/srw/">
  <leader>00335cz  a2200121n  4500</leader>
  <controlfield tag="001">n  90622977 </controlfield>
  <controlfield tag="003">DLC</controlfield>
  <controlfield tag="005">19900327102334.3</controlfield>
  <controlfield tag="008">900321n| acannaab|          |n aaa |||  </controlfield>
  <datafield tag="010" ind1=" " ind2=" ">
    <subfield code="a">n  90622977 </subfield>
  </datafield>
  <datafield tag="040" ind1=" " ind2=" ">
    <subfield code="a">DLC</subfield>
    <subfield code="c">DLC</subfield>
    <subfield code="d">DLC</subfield>
  </datafield>
  <datafield tag="100" ind1="0" ind2="0">
    <subfield code="a">Veṅganasudhī</subfield>
  </datafield>
  <datafield tag="670" ind1=" " ind2=" ">
    <subfield code="a">Ṣaḍakṣarīśa. Kavikarṇarasāyanam, 1975:</subfield>
    <subfield code="b">t.p. (Veṅganasudhī)</subfield>
  </datafield>
</record>